@misc{dummyEntry,
   author = {dummyEntry},
   title = "dummyEntry",
   year = "dummyEntry",
   url = "dummyEntry",
   note = "[Online; accessed-February-2018]"
}
